% Encoding: UTF-8

@article{公茂果2009进化多目标优化算法研究,
  title={进化多目标优化算法研究},
  author={公茂果 and 焦李成 and 杨咚咚 and 马文萍},
  journal={软件学报},
  volume={20},
  number={2},
  pages={271--289},
  year={2009}
}

@article{gunantara2018review,
  title={A review of multi-objective optimization: Methods and its applications},
  author={Gunantara, Nyoman},
  journal={Cogent Engineering},
  volume={5},
  number={1},
  pages={1502242},
  year={2018},
  publisher={Taylor \& Francis}
}

@article{ma2020survey,
  title={A survey of weight vector adjustment methods for decomposition-based multiobjective evolutionary algorithms},
  author={Ma, Xiaoliang and Yu, Yanan and Li, Xiaodong and Qi, Yutao and Zhu, Zexuan},
  journal={IEEE Transactions on Evolutionary Computation},
  volume={24},
  number={4},
  pages={634--649},
  year={2020},
  publisher={IEEE}
}

@article{falcon2020indicator,
  title={Indicator-based multi-objective evolutionary algorithms: A comprehensive survey},
  author={Falc{\'o}n-Cardona, Jes{\'u}s Guillermo and Coello, Carlos A Coello},
  journal={ACM Computing Surveys (CSUR)},
  volume={53},
  number={2},
  pages={1--35},
  year={2020},
  publisher={ACM New York, NY, USA}
}


@article{dutta2019survey,
  title={A survey on pareto-based eas to solve multi-objective optimization problems},
  author={Dutta, Saykat and Das, Kedar Nath},
  journal={Soft Computing for Problem Solving: SocProS 2017, Volume 2},
  pages={807--820},
  year={2019},
  publisher={Springer}
}



@article{缪成2006大规模应急救援物资运输模型的构建与求解,
  title={大规模应急救援物资运输模型的构建与求解},
  author={缪成 and 许维胜 and 吴启迪},
  journal={系统工程},
  volume={24},
  number={11},
  pages={6--12},
  year={2006}
}

@inproceedings{eykholt2018robust,
  title={Robust physical-world attacks on deep learning visual classification},
  author={Eykholt, Kevin and Evtimov, Ivan and Fernandes, Earlence and Li, Bo and Rahmati, Amir and Xiao, Chaowei and Prakash, Atul and Kohno, Tadayoshi and Song, Dawn},
  booktitle={Proceedings of the IEEE conference on computer vision and pattern recognition},
  pages={1625--1634},
  year={2018}
}

@article{talbi2021automated,
  title={Automated design of deep neural networks: A survey and unified taxonomy},
  author={Talbi, El-Ghazali},
  journal={ACM Computing Surveys (CSUR)},
  volume={54},
  number={2},
  pages={1--37},
  year={2021},
  publisher={ACM New York, NY, USA}
}

@article{teng2009dual,
  title={A dual-system variable-grain cooperative coevolutionary algorithm: satellite-module layout design},
  author={Teng, Hong-fei and Chen, Yu and Zeng, Wei and Shi, Yan-jun and Hu, Qing-hua},
  journal={IEEE transactions on evolutionary computation},
  volume={14},
  number={3},
  pages={438--455},
  year={2009},
  publisher={IEEE}
}

@article{zheng2022survey,
  title={A survey of recommender systems with multi-objective optimization},
  author={Zheng, Yong and Wang, David Xuejun},
  journal={Neurocomputing},
  volume={474},
  pages={141--153},
  year={2022},
  publisher={Elsevier}
}

@article{tian2021evolutionary,
  title={Evolutionary large-scale multi-objective optimization: A survey},
  author={Tian, Ye and Si, Langchun and Zhang, Xingyi and Cheng, Ran and He, Cheng and Tan, Kay Chen and Jin, Yaochu},
  journal={ACM Computing Surveys (CSUR)},
  volume={54},
  number={8},
  pages={1--34},
  year={2021},
  publisher={ACM New York, NY}
}

@article{ccgde3,
  title={Large scale evolutionary optimization using cooperative coevolution},
  author={Yang, Zhenyu and Tang, Ke and Yao, Xin},
  journal={Information sciences},
  volume={178},
  number={15},
  pages={2985--2999},
  year={2008},
  publisher={Elsevier}
}

@article{wof,
  title={A framework for large-scale multiobjective optimization based on problem transformation},
  author={Zille, Heiner and Ishibuchi, Hisao and Mostaghim, Sanaz and Nojima, Yusuke},
  journal={IEEE Transactions on Evolutionary Computation},
  volume={22},
  number={2},
  pages={260--275},
  year={2017},
  publisher={IEEE}
}


@article{fdv,
  title={A fuzzy decision variables framework for large-scale multiobjective optimization},
  author={Yang, Xu and Zou, Juan and Yang, Shengxiang and Zheng, Jinhua and Liu, Yuan},
  journal={IEEE Transactions on Evolutionary Computation},
  year={2021},
  publisher={IEEE}
}

@inproceedings{ccpso,
  title={Tackling high dimensional nonseparable optimization problems by cooperatively coevolving particle swarms},
  author={Li, Xiaodong and Yao, Xin},
  booktitle={2009 IEEE congress on evolutionary computation},
  pages={1546--1553},
  year={2009},
  organization={IEEE}
}

@article{mlcc,
  title={Cooperative co-evolution with differential grouping for large scale optimization},
  author={Omidvar, Mohammad Nabi and Li, Xiaodong and Mei, Yi and Yao, Xin},
  journal={IEEE Transactions on evolutionary computation},
  volume={18},
  number={3},
  pages={378--393},
  year={2013},
  publisher={IEEE}
}

@inproceedings{moeadrdg,
  title={A random-based dynamic grouping strategy for large scale multi-objective optimization},
  author={Song, An and Yang, Qiang and Chen, Wei-Neng and Zhang, Jun},
  booktitle={2016 IEEE congress on evolutionary computation (CEC)},
  pages={468--475},
  year={2016},
  organization={IEEE}
}

@article{moeadva,
  title={A multiobjective evolutionary algorithm based on decision variable analyses for multiobjective optimization problems with large-scale variables},
  author={Ma, Xiaoliang and Liu, Fang and Qi, Yutao and Wang, Xiaodong and Li, Lingling and Jiao, Licheng and Yin, Minglei and Gong, Maoguo},
  journal={IEEE Transactions on Evolutionary Computation},
  volume={20},
  number={2},
  pages={275--298},
  year={2015},
  publisher={IEEE}
}

@article{lmea,
  title={A decision variable clustering-based evolutionary algorithm for large-scale many-objective optimization},
  author={Zhang, Xingyi and Tian, Ye and Cheng, Ran and Jin, Yaochu},
  journal={IEEE Transactions on evolutionary Computation},
  volume={22},
  number={1},
  pages={97--112},
  year={2016},
  publisher={IEEE}
}

@inproceedings{ts,
  title={Transfer strategies from single-to multi-objective grouping mechanisms},
  author={Sander, Frederick and Zille, Heiner and Mostaghim, Sanaz},
  booktitle={Proceedings of the Genetic and Evolutionary Computation Conference},
  pages={729--736},
  year={2018}
}

@inproceedings{lsm,
  title={A cooperative co-evolutionary algorithm for large-scale multi-objective optimization problems},
  author={Li, Minghan and Wei, Jingxuan},
  booktitle={Proceedings of the Genetic and Evolutionary Computation Conference Companion},
  pages={1716--1721},
  year={2018}
}

@article{lsmof,
  title={Accelerating large-scale multiobjective optimization via problem reformulation},
  author={He, Cheng and Li, Lianghao and Tian, Ye and Zhang, Xingyi and Cheng, Ran and Jin, Yaochu and Yao, Xin},
  journal={IEEE Transactions on Evolutionary Computation},
  volume={23},
  number={6},
  pages={949--961},
  year={2019},
  publisher={IEEE}
}

@article{pcamoea,
  title={A clustering and dimensionality reduction based evolutionary algorithm for large-scale multi-objective problems},
  author={Liu, Ruochen and Ren, Rui and Liu, Jin and Liu, Jing},
  journal={Applied Soft Computing},
  volume={89},
  pages={106120},
  year={2020},
  publisher={Elsevier}
}

@inproceedings{remo,
  title={Solving high-dimensional multi-objective optimization problems with low effective dimensions},
  author={Qian, Hong and Yu, Yang},
  booktitle={Proceedings of the AAAI Conference on Artificial Intelligence},
  volume={31},
  number={1},
  year={2017}
}  

@article{moeapsl,
  title={Solving large-scale multiobjective optimization problems with sparse optimal solutions via unsupervised neural networks},
  author={Tian, Ye and Lu, Chang and Zhang, Xingyi and Tan, Kay Chen and Jin, Yaochu},
  journal={IEEE transactions on cybernetics},
  volume={51},
  number={6},
  pages={3115--3128},
  year={2020},
  publisher={IEEE}
}

@article{dgea,
  title={Adaptive offspring generation for evolutionary large-scale multiobjective optimization},
  author={He, Cheng and Cheng, Ran and Yazdani, Danial},
  journal={IEEE Transactions on Systems, Man, and Cybernetics: Systems},
  volume={52},
  number={2},
  pages={786--798},
  year={2020},
  publisher={IEEE}
}

@article{lmocso,
  title={Efficient large-scale multiobjective optimization based on a competitive swarm optimizer},
  author={Tian, Ye and Zheng, Xiutao and Zhang, Xingyi and Jin, Yaochu},
  journal={IEEE Transactions on Cybernetics},
  volume={50},
  number={8},
  pages={3696--3708},
  year={2019},
  publisher={IEEE}
}

@article{moeadifm,
  title={Enhancing MOEA/D with information feedback models for large-scale many-objective optimization},
  author={Zhang, Yin and Wang, Gai-Ge and Li, Keqin and Yeh, Wei-Chang and Jian, Muwei and Dong, Junyu},
  journal={Information Sciences},
  volume={522},
  pages={1--16},
  year={2020},
  publisher={Elsevier}
}

@inproceedings{pso,
  title={A new optimizer using particle swarm theory},
  author={Eberhart, Russell and Kennedy, James},
  booktitle={MHS'95. Proceedings of the sixth international symposium on micro machine and human science},
  pages={39--43},
  year={1995},
  organization={Ieee}
}

@article{hv,
  title={A faster algorithm for calculating hypervolume},
  author={While, Lyndon and Hingston, Philip and Barone, Luigi and Huband, Simon},
  journal={IEEE transactions on evolutionary computation},
  volume={10},
  number={1},
  pages={29--38},
  year={2006},
  publisher={IEEE}
}

@article{pca,
  title={Principal component analysis},
  author={Abdi, Herv{\'e} and Williams, Lynne J},
  journal={Wiley interdisciplinary reviews: computational statistics},
  volume={2},
  number={4},
  pages={433--459},
  year={2010},
  publisher={Wiley Online Library}
}

@inproceedings{Boltzman,
  title={An introduction to restricted Boltzmann machines},
  author={Fischer, Asja and Igel, Christian},
  booktitle={Progress in Pattern Recognition, Image Analysis, Computer Vision, and Applications: 17th Iberoamerican Congress, CIARP 2012, Buenos Aires, Argentina, September 3-6, 2012. Proceedings 17},
  pages={14--36},
  year={2012},
  organization={Springer}
}

@inproceedings{ae,
  title={Extracting and composing robust features with denoising autoencoders},
  author={Vincent, Pascal and Larochelle, Hugo and Bengio, Yoshua and Manzagol, Pierre-Antoine},
  booktitle={Proceedings of the 25th international conference on Machine learning},
  pages={1096--1103},
  year={2008}
}

@inproceedings{odnsga,
  title={Operational decomposition for large scale multi-objective optimization problems},
  author={Antonio, Luis Miguel and Coello, Carlos A Coello and Brambila, Silvia Gonz{\'a}lez and Gonz{\'a}lez, Josu{\'e} Figueroa and Tapia, Guadalupe Castillo},
  booktitle={Proceedings of the Genetic and Evolutionary Computation Conference Companion},
  pages={225--226},
  year={2019}
}

@article{ahmed2020k,
  title={The k-means algorithm: A comprehensive survey and performance evaluation},
  author={Ahmed, Mohiuddin and Seraj, Raihan and Islam, Syed Mohammed Shamsul},
  journal={Electronics},
  volume={9},
  number={8},
  pages={1295},
  year={2020},
  publisher={MDPI}
}

@article{huang2022novel,
  title={A novel dimension-reduced space--time adaptive processing algorithm for spaceborne multichannel surveillance radar systems based on spatial--temporal 2-D sliding window},
  author={Huang, Penghui and Zou, Zihao and Xia, Xiang-Gen and Liu, Xingzhao and Liao, Guisheng},
  journal={IEEE Transactions on Geoscience and Remote Sensing},
  volume={60},
  pages={1--21},
  year={2022},
  publisher={IEEE}
}

@article{koshy2020sliding,
  title={Sliding window blockchain architecture for internet of things},
  author={Koshy, Prescilla and Babu, Sarath and Manoj, BS},
  journal={IEEE Internet of Things Journal},
  volume={7},
  number={4},
  pages={3338--3348},
  year={2020},
  publisher={IEEE}
}

@inproceedings{jiang2011network,
  title={Network traffic anomaly detection based on sliding window},
  author={Jiang, Dingde and Liu, Jindi and Xu, Zhengzheng and Qin, Wenda},
  booktitle={2011 International conference on electrical and control engineering},
  pages={4830--4833},
  year={2011},
  organization={IEEE}
}

@article{zhang2007moea,
  title={MOEA/D: A multiobjective evolutionary algorithm based on decomposition},
  author={Zhang, Qingfu and Li, Hui},
  journal={IEEE Transactions on evolutionary computation},
  volume={11},
  number={6},
  pages={712--731},
  year={2007},
  publisher={IEEE}
}


@article{bcdalg,
  title={Coordinate descent algorithms},
  author={Wright, Stephen J},
  journal={Mathematical programming},
  volume={151},
  number={1},
  pages={3--34},
  year={2015},
  publisher={Springer}
}

